<record><leader>00000cas a22000007a 4500</leader><controlfield tag="001">20176896</controlfield><controlfield tag="008">890814d19331935nducr ne      0    0eng d</controlfield><datafield ind1=" " ind2=" " tag="010"><subfield code="a">sn 88076482 </subfield></datafield><datafield ind1=" " ind2=" " tag="040"><subfield code="a">NOP</subfield><subfield code="b">eng</subfield><subfield code="c">NOP</subfield><subfield code="d">OCLCQ</subfield></datafield><datafield ind1=" " ind2=" " tag="042"><subfield code="a">msc</subfield></datafield><datafield ind1="0" ind2=" " tag="130"><subfield code="a">Richland County farmer (Wahpeton, N.D. : 1933)</subfield></datafield><datafield ind1="1" ind2="0" tag="245"><subfield code="a">Richland County farmer.</subfield></datafield><datafield ind1=" " ind2=" " tag="260"><subfield code="a">Wahpeton, Richland County, N.D. :</subfield><subfield code="b">E.D. Lum &amp; Sons</subfield></datafield><datafield ind1=" " ind2=" " tag="300"><subfield code="a">2 v. :</subfield><subfield code="b">ill. ;</subfield><subfield code="c">58 cm.</subfield></datafield><datafield ind1=" " ind2=" " tag="310"><subfield code="a">Semiweekly</subfield></datafield><datafield ind1="0" ind2=" " tag="362"><subfield code="a">Vol. 46, no. 1 (Jan. 3, 1933)-v. 48, no. 25 (Apr. 2, 1935).</subfield></datafield><datafield ind1=" " ind2=" " tag="500"><subfield code="a">"Official Paper of Richland County and the City of Wahpeton", 1933-1935.</subfield></datafield><datafield ind1=" " ind2=" " tag="530"><subfield code="a">Available on microfilm from the State Historical Society of North Dakota.</subfield></datafield><datafield ind1=" " ind2=" " tag="752"><subfield code="a">United States</subfield><subfield code="b">North Dakota</subfield><subfield code="c">Richland</subfield><subfield code="d">Wahpeton.</subfield></datafield><datafield ind1="0" ind2="0" tag="780"><subfield code="t">Richland County farmer-globe (Wahpeton, N.D. : 1927)</subfield><subfield code="w">(DLC)sn 85042330</subfield></datafield><datafield ind1="0" ind2="0" tag="785"><subfield code="t">Richland County farmer-globe (Wahpeton, N.D. : 1935)</subfield><subfield code="w">(DLC)sn 88076483</subfield></datafield></record>